Placeholder Progress
From Problem Statement (1.1):

    AutonomousChallenges2020 - Pending search.
    SensorCalibration2021 - Pending search.
    OpenSourceRobotics2019 - Pending search.
    ModularVision2020 - Instantiated:
        Title: "High-Accuracy Image Composition System Using a Mobile Robotic Camera"
        Citation: T. Tsuda et al., "High-Accuracy Image Composition System Using a Mobile Robotic Camera," Journal of Imaging Science and Technology, 2008. DOI: 10.5594/J16001.

From Background and Relevance (1.2.2):

    FLIRApplications2021 - Pending search.
    DigitalCameraMetrology2020 - Pending search.
    FocusFoM2020 - Unavailable (Placeholder preserved, no direct source found).
    CalibrationArtifacts2018 - Instantiated:
        Title: "Zoom-dependent camera calibration in digital close-range photogrammetry"
        Citation: C. Fraser and S. Al-Ajlouni, "Zoom-dependent camera calibration in digital close-range photogrammetry," Photogrammetric Engineering & Remote Sensing, vol. 72, no. 9, 2006. DOI: 10.14358/PERS.72.9.1017.

From Standards and Methodologies:

    ISO12233 - Instantiated:
        Title: "Creation and Evolution of ISO 12233, the International Standard for Measuring Digital Camera Resolution"
        Citation: K. Parulski et al., "Creation and Evolution of ISO 12233," Electronic Imaging, vol. 34, no. 9, 2022. DOI: 10.2352/ei.2022.34.9.iqsp-347.

From DIY Calibration:

    DIYCalibration2022 - Pending search.
    MTFAnalysis2021 - Pending search.

Instantiated References
OpenSourceRobotics2019

    Title: "A Review on Raspberry Pi and its Robotic Applications"
    Summary: Highlights the Raspberry Pi's role in developing low-cost mobile robots for research and education. It emphasizes its contribution to multifunctional robotic applications within the open-source community.
    Relevance: Demonstrates Raspberry Pi’s integration into robotics, validating its relevance in open-source and resource-constrained applications.
    Citation: Mathe, S. E., Pamarthy, A. C., Kondaveeti, H. K., Vappangi, S., "A Review on Raspberry Pi and its Robotic Applications," 2022 IEEE International Conference on Advances in Signal Processing (AISP), 2022. DOI: 10.1109/AISP53593.2022.9760590.


@inproceedings{AutonomousChallenges_2016,
  title = {Active planning based extrinsic calibration of exteroceptive sensors in unknown environments},
  url = {http://dx.doi.org/10.1109/IROS.2016.7759389},
  DOI = {10.1109/iros.2016.7759389},
  booktitle = {2016 IEEE/RSJ International Conference on Intelligent Robots and Systems (IROS)},
  publisher = {IEEE},
  author = {Murali,  Varun and Nieto,  Carlos and Choudhary,  Siddharth and Christensen,  Henrik I.},
  year = {2016},
  month = oct,
  pages = {2498–2505}
}


% The quality of this article have some questions, but due to its relevance, it is included.
@article{RaspberryPi_application_review_2024,
title = {A comprehensive review on applications of Raspberry Pi},
journal = {Computer Science Review},
volume = {52},
pages = {100636},
year = {2024},
issn = {1574-0137},
doi = {https://doi.org/10.1016/j.cosrev.2024.100636},
url = {https://www.sciencedirect.com/science/article/pii/S1574013724000200},
author = {Sudha Ellison Mathe and Hari Kishan Kondaveeti and Suseela Vappangi and Sunny Dayal Vanambathina and Nandeesh Kumar Kumaravelu},
keywords = {Raspberry Pi, Prototyping, Automation, Monitoring, Agriculture, Healthcare, Internet of Things (IoT)},
abstract = {Raspberry Pi is an invaluable and popular prototyping tool in scientific research for experimenting with a wide variety of ideas, ranging from simple to complex projects. This review article explores how Raspberry Pi is used in various studies, discussing its pros and cons along with its applications in various domains such as home automation, agriculture, healthcare, industrial control, and advanced research. Our aim is to provide a useful resource for researchers, educators, students, product developers, and enthusiasts, helping them to grasp the current status and discover new research possibilities using Raspberry Pi.}
}

@article{CalibrationArtifacts2018,
  author = {Fraser, C. and Al-Ajlouni, S.},
  title = {Zoom-dependent camera calibration in digital close-range photogrammetry},
  journal = {Photogrammetric Engineering & Remote Sensing},
  volume = {72},
  number = {9},
  pages = {1017--1025},
  year = {2006},
  doi = {10.14358/PERS.72.9.1017},
  url = {https://dx.doi.org/10.14358/PERS.72.9.1017}
}

@article{ISO12233_Evolution,
  author = {Parulski, K. and Wueller, D. and Burns, P. and Yoshida, H.},
  title = {Creation and Evolution of ISO 12233, the International Standard for Measuring Digital Camera Resolution},
  journal = {Electronic Imaging},
  volume = {34},
  number = {9},
  year = {2022},
  doi = {10.2352/ei.2022.34.9.iqsp-347},
  url = {https://dx.doi.org/10.2352/ei.2022.34.9.iqsp-347}
}

% Example of the current research question modality for camera zoom calibration.
% @inbook{PlenopticCalibration2019,
%   author = {Monteiro, Nuno and Gaspar, José},
%   year = {2019},
%   month = {09},
%   pages = {309-321},
%   title = {Standard Plenoptic Camera Calibration for a Range of Zoom and Focus Levels},
%   isbn = {978-3-030-31320-3},
%   doi = {10.1007/978-3-030-31321-0_27}
% }

% Another modern research question modality for camera calibration.
% The field is closely related to the current research topic.
% @article{SE_Calib_2023,
%   author={Liao, Youqi and Li, Jianping and Kang, Shuhao and Li, Qiang and Zhu, Guifang and Yuan, Shenghai and Dong, Zhen and Yang, Bisheng},
%   journal={IEEE Transactions on Geoscience and Remote Sensing},
%   title={SE-Calib: Semantic Edge-Based LiDAR–Camera Boresight Online Calibration in Urban Scenes},
%   year={2023},
%   volume={61},
%   number={},
%   pages={1-13},
%   keywords={Semantics;Feature extraction;Image edge detection;Calibration;Cameras;Laser radar;Point cloud compression;Boresight parameters;mobile mapping system (MMS);semantic edge features;sensors calibration},
%   doi={10.1109/TGRS.2023.3278024}
% }


% Placeholders:

@article{FLIRApplications2021,
  author = {},
  title = {},
  journal = {},
  volume = {},
  number = {},
  pages = {},
  year = {2021},
  doi = {},
  url = {},
  note = {Placeholder for FLIR applications in robotics or imaging systems.}
}

@article{DigitalCameraMetrology2020,
  author = {},
  title = {},
  journal = {},
  volume = {},
  number = {},
  pages = {},
  year = {2020},
  doi = {},
  url = {},
  note = {Placeholder for digital camera metrology with focus on MTF or calibration methods.}
}
