% Suggested additional documents to consider and add:

% ISO 10110-1 - Optics and photonics — Preparation of drawings for optical elements and systems — Part 1: Generalities.
% Reason: It includes conventions for defining optical systems and elements, useful for specifying reticles and imaging elements like the Siemens Star.

% ISO 12231 - Photography — Electronic still picture imaging — Terminology.
% Reason: Provides standardized definitions, ensuring consistent communication of experimental parameters.

% ISO/TS 19073 - Image quality metrics for digital cameras.
% Reason: Offers detailed guidelines on quality metrics, complementing the use of MTF metrics in your research.

% ISO 20462 - Photography — Psychophysical experimental methods for estimating image quality.
% Reason: Focuses on methods for evaluating image quality, potentially applicable to your research’s investigation into calibration procedures.

% Papers, supporting and explainign ISO:
@article{ISO_12233_Evolution,
  author = {Ken Parulski and Dietmar Wueller and Peter Burns and Hideaki Yoshida},
  title = {Creation and evolution of ISO 12233, the international standard for measuring digital camera resolution},
  journal = {Electronic Imaging},
  volume = {34},
  number = {9},
  pages = {347-1--347-1},
  doi = {10.2352/EI.2022.34.9.IQSP-347},
  url = {https://library.imaging.org/ei/articles/34/9/IQSP-347},
  year = {2022},
}

@article{Pilot_study_ISO_methods_RawOrJpeg,
author = {Williams, Don and Wueller, Dietmar and Matherson, Kevin and Yoshida, Hideaka and Hubel, Paul},
year = {2008},
month = {01},
pages = {},
title = {A pilot study of digital camera resolution metrology protocols proposed under ISO 12233, edition 2},
doi = {10.1117/12.768204}
}

@article{Burns2022,
  title = {Updated Camera Spatial Frequency Response for ISO 12233},
  volume = {34},
  ISSN = {2470-1173},
  url = {http://dx.doi.org/10.2352/EI.2022.34.9.IQSP-357},
  DOI = {10.2352/ei.2022.34.9.iqsp-357},
  number = {9},
  journal = {Electronic Imaging},
  publisher = {Society for Imaging Science & Technology},
  author = {Burns,  Peter D. and Masaoka,  Kenichiro and Parulski,  Kenneth and Wueller,  Dietmar},
  year = {2022},
  month = jan,
  pages = {357--1--357–6}
}

% Current list of used ISO (we have it in pdf):

% 12233:2024 ISO Digital cameras — Resolution and spatial frequency responses
@standard{ISO12233:2024,
  title = {Digital cameras — Resolution and spatial frequency responses},
  year = {2024},
  institution = {ISO},
}
% Publication Year: 2024. Status: Current Acting.

% 12233_2017 BS ISO Photography. Electronic still picture imaging. Resolution and spatial frequency responses
@standard{BSISO12233:2017,
  title = {Photography. Electronic still picture imaging. Resolution and spatial frequency responses},
  year = {2017},
  institution = {BS ISO},
}
% Publication Year: 2017. Status: Obsolete (superseded by ISO12233:2024).

% 12233:2014 ISO Digital cameras — Resolution and spatial frequency responses
@standard{ISO12233:2014,
  title = {Digital cameras — Resolution and spatial frequency responses},
  year = {2014},
  institution = {ISO},
}
% Publication Year: 2014. Status: Obsolete (superseded by ISO12233:2024).

% 18383_2015 BS ISO Photography. Digital cameras. Specification guideline
@standard{BSISO18383:2015,
  title = {Photography. Digital cameras. Specification guideline},
  year = {2015},
  institution = {BS ISO},
}
% Publication Year: 2015. Status: Current Acting.

% MTF/OTF та їх вимірювання
% 9334_2012 BS ISO Optics and photonics. Optical transfer function. Definitions and mathematical relationships
@standard{BSISO9334:2012,
  title = {Optics and photonics. Optical transfer function. Definitions and mathematical relationships},
  year = {2012},
  institution = {BS ISO},
}
% Publication Year: 2012. Status: Current Acting.

% (так це три версії одного 9335 документа)
% 9335_2012 BS ISO Optics and photonics. Optical transfer function. Principles and procedures of measurement
@standard{BSISO9335:2012,
  title = {Optics and photonics. Optical transfer function. Principles and procedures of measurement},
  year = {2012},
  institution = {BS ISO},
}
% Publication Year: 2012. Status: Current Acting.

% 9335_2012 ISO Optics and photonics -- Optical transfer function -- Principles and procedures of measurement
@standard{ISO9335:2012,
  title = {Optics and photonics -- Optical transfer function -- Principles and procedures of measurement},
  year = {2012},
  institution = {ISO},
}
% Publication Year: 2012. Status: Current Acting.

% 9336-1_2010 BS ISO Optics and photonics. Optical transfer function. Application. Interchangeable lenses for 35 mm still cameras
@standard{BSISO9336-1:2010,
  title = {Optics and photonics. Optical transfer function. Application. Interchangeable lenses for 35 mm still cameras},
  year = {2010},
  institution = {BS ISO},
}
% Publication Year: 2010. Status: Current Acting.

% 15529_2007 ISO Optics and photonics -- Optical transfer function -- Principles of measurement of modulation transfer function
@standard{ISO15529:2007,
  title = {Optics and photonics -- Optical transfer function -- Principles of measurement of modulation transfer function},
  year = {2007},
  institution = {ISO},
}
% Publication Year: 2007. Status: Current Acting.

% Проведення вимірювання:
% 15739_2003 ISO Photography -- Electronic still-picture imaging -- Noise measurements
@standard{ISO15739:2003,
  title = {Photography -- Electronic still-picture imaging -- Noise measurements},
  year = {2003},
  institution = {ISO},
}
% Publication Year: 2003. Status: Obsolete (superseded by ISO15739:2013).

% 11421_1 DIN ISO Optik und optische Instrumente - Genauigkeit von Messungen der optischen Übertragungsfunktion
@standard{DINISO11421-1,
  title = {Optik und optische Instrumente - Genauigkeit von Messungen der optischen Übertragungsfunktion},
  institution = {DIN ISO},
}
% Publication Year: Unknown. Status: Requires Review.

% 19247_2016 ISO TR Photography -- Guidelines for reliable testing of digital still cameras
@standard{ISO19247:2016,
  title = {Photography -- Guidelines for reliable testing of digital still cameras},
  year = {2016},
  institution = {ISO TR},
}
% Publication Year: 2016. Status: Current Acting.

% 15739_2013 BS ISO - Photography — Electronic still-picture imaging — Noise-measurements
@standard{BSISO15739:2013,
  title = {Photography — Electronic still-picture imaging — Noise-measurements},
  year = {2013},
  institution = {BS ISO},
}
% Publication Year: 2013. Status: Current Acting.

% 6328_2000 ISO Photography. Photographic materials. Determination of ISO resolving power
@standard{ISO6328:2000,
  title = {Photography. Photographic materials. Determination of ISO resolving power},
  year = {2000},
  institution = {ISO},
}
% Publication Year: 2000. Status: Requires Review.

% 12232_2006 ISO Photography -- Digital still cameras -- Determination of exposure index, ISO speed ratings, standard output sensitivity
@standard{ISO12232:2006,
  title = {Photography -- Digital still cameras -- Determination of exposure index, ISO speed ratings, standard output sensitivity},
  year = {2006},
  institution = {ISO},
}
% Publication Year: 2006. Status: Requires Review.

% Словники термінів, каталоги понять:
% Актуальна підбірка за темами
% 9022-1_2012 ISO Optics and photonics -- Environmental test methods -- Part 1_ Definitions, extent of testing
@standard{ISO9022-1:2012,
  title = {Optics and photonics -- Environmental test methods -- Part 1: Definitions, extent of testing},
  year = {2012},
  institution = {ISO},
}
% Publication Year: 2012. Status: Current Acting.

% 14132-1_2015 ISO Optics and photonics -- Vocabulary for telescopic systems -- Part 1_ General terms and alphabetical indexes
@standard{ISO14132-1:2015,
  title = {Optics and photonics -- Vocabulary for telescopic systems -- Part 1: General terms and alphabetical indexes},
  year = {2015},
  institution = {ISO},
}
% Publication Year: 2015. Status: Current Acting.

% 14132-2_2015 BS ISO Optics and photonics. Vocabulary for telescopic systems. Terms for binoculars, monoculars and spotting scopes
@standard{BSISO14132-2:2015,
  title = {Optics and photonics. Vocabulary for telescopic systems. Terms for binoculars, monoculars and spotting scopes},
  year = {2015},
  institution = {BS ISO},
}
% Publication Year: 2015. Status: Current Acting.

% 1. Autofocus Repeatability – ISO/TS 20490
@standard{ISO_TS20490,
  title = {Autofocus Repeatability},
  institution = {ISO/TS},
}
% Publication Year: Unknown. Status: Requires Review.

% 14132-3_2002 ISO en-fr-rus
@standard{ISO14132-3:2002,
  title = {en-fr-rus},
  year = {2002},
  institution = {ISO},
}
% Publication Year: 2002. Status: Current Acting.

% 14132-4_2002 ISO en-fr-rus
@standard{ISO14132-4:2002,
  title = {en-fr-rus},
  year = {2002},
  institution = {ISO},
}
% Publication Year: 2002. Status: Current Acting.

% 14132-5_2008 BS ISO Optics and photonics. Vocabulary for telescopic systems. Terms for night vision systems
@standard{BSISO14132-5:2008,
  title = {Optics and photonics. Vocabulary for telescopic systems. Terms for night vision systems},
  year = {2008},
  institution = {BS ISO},
}
% Publication Year: 2008. Status: Current Acting.

% 23584-1_2009 ISO Optics and photonics -- Specification of reference dictionary -- Part 1: General overview on organization
@standard{ISO23584-1:2009,
  title = {Optics and photonics -- Specification of reference dictionary -- Part 1: General overview on organization},
  year = {2009},
  institution = {ISO},
}
% Publication Year: 2009. Status: Current Acting.

% 23584-2_2012 ISO Optics and photonics -- Specification of reference dictionary -- Part 2: Classes' and properties' definitions
@standard{ISO23584-2:2012,
  title = {Optics and photonics -- Specification of reference dictionary -- Part 2: Classes' and properties' definitions},
  year = {2012},
  institution = {ISO},
}
% Publication Year: 2012. Status: Current Acting.

% Допоміжні та другорядні
% 9358_1994 ISO Optics and optical instruments_ Veiling glare of image
@standard{ISO9358:1994,
  title = {Optics and optical instruments: Veiling glare of image},
  year = {1994},
  institution = {ISO},
}
% Publication Year: 1994. Status: Requires Review.

% 15902_2004 ISO Optics and optical instruments -- Diffractive optics -- Vocabulary
@standard{ISO15902:2004,
  title = {Optics and optical instruments -- Diffractive optics -- Vocabulary},
  year = {2004},
  institution = {ISO},
}
% Publication Year: 2004. Status: Current Acting.

% 10110-14_2007 ISO Optics and photonics – Preparation of drawings for optical elements and systems
@standard{ISO10110-14:2007,
  title = {Optics and photonics – Preparation of drawings for optical elements and systems},
  year = {2007},
  institution = {ISO},
}
% Publication Year: 2007. Status: Requires Review.
